@TechReport{Alonso-15a,
  author =       {J.A. Alonso},
  title =        {\href{https://www.cs.us.es/~jalonso/cursos/lmf-15/temas/temas-LMF-2015-16.pdf}
                       {Temas de Lógica matemática y fundamentos}},
  institution =  {Univ. de Sevilla},
  year =         2015}

@TechReport{Alonso-15b,
  author =       {J.A. Alonso},
  title =        {\href{https://www.cs.us.es/~jalonso/cursos/i1m-15/temas/2015-16-IM-temas-PF.pdf}
                       {Temas de programación funcional}},
  institution =  {Univ. de Sevilla},
  year =         2015}

@TechReport{Eijck-03,
  author =       {J. van Eijck},
  title =        {\href{http://citeseerx.ist.psu.edu/viewdoc/download?doi=10.1.1.467.1441&rep=rep1&type=pdf}
                       {Computational semantics and type theory}},
  institution =  {CWI (Centre for Mathematics and Computer Science), Amsterdam},
  year =         2003}

@TechReport{Alonso-07,
  author =       {J.A. Alonso},
  title =        {\href{https://openlibra.com/en/book/download/logica-en-haskell}
                       {Lógica en Haskell}},
  institution =  {Univ. de Sevilla},
  year =         2007}


@TechReport{Haskell2010,
  author =       {Marlow, S.},
  title =        {Haskell 2010 Language Report},
  institution =  {haskell.org},
  year =         2010,
  note =         {En \url{https://www.haskell.org/onlinereport/haskell2010}}}

@book{Hutton-16,
  title={Programming in Haskell},
  author={Hutton, G.},
  isbn={9781316626221},
  lccn={2016030027},
  url={https://books.google.es/books?id=75C5DAAAQBAJ},
  year={2016},
  publisher={Cambridge University Press}
}


@TechReport{Serrano-14,
  author =       {A. Serrano Mena},
  title =        {\href{https://www.amazon.com/Beginning-Haskell-Alejandro-Serrano-Mena/dp/1430262508}
                       {Beginning in Haskell}},
  institution =  {Utrecht University},
  year =         2014}


% Sobre  Curry- Howard

@TechReport{HaskellWiki2010, 
  author = 	 {Varios autores},
  title = 	 {Curry-Howard-Lambek correspondence},
  institution =  {Haskell Wiki},
  year = 	 2010,
  note = 	 {En \url{https://wiki.haskell.org/Curry-Howard-Lambek_correspondence}}}

@TechReport{Gonzalez-17, 
  author = 	 {G. Gonzalez},
  title = 	 {The Curry-Howard correspondence between programs and proofs },
  institution =  {Haskell for all},
  year = 	 2017,
  note = 	 {En \url{http://www.haskellforall.com/2017/02/the-curry-howard-correspondence-between.html}}}

@TechReport{Wikibooks16, 
  author = 	 {Varios autores},
  title = 	 {Haskell/The Curry–Howard isomorphism},
  institution =  {wikibooks},
  year = 	 2016,
  note = 	 {En \url{https://en.wikibooks.org/wiki/Haskell/The_Curry-Howard_isomorphism}}}

@TechReport{Roman2016, 
  author = 	 {M. Román},
  title = 	 {Curry-Howard},
  institution =  {Universidad de Granada},
  year = 	 2014,
  note = 	 {En \url{https://github.com/libreim/curryHoward/blob/master/CurryHoward.pdf}}}


@TechReport{Wadler14, 
  author = 	 {P. Wadler},
  title = 	 {Propositions as Types},
  institution =  {University of Edinburgh},
  year = 	 2014,
  note = 	 {En \url{http://homepages.inf.ed.ac.uk/wadler/papers/propositions-as-types/propositions-as-types.pdf}}}


% Sobre generadores:


@TechReport{Jovanovski15, 
  author = 	 {G. Jovanovski},
  title = 	 {Haskell Binary Tree Manipulation },
  institution =  {GitHub},
  year = 	 2015,
  note = 	 {En \url{https://gist.github.com/jovanovski/0ce88e66dbed59099dbc}}}

@TechReport{Villa15,
  author = 	 {J. P. Villa},
  title = 	 {A QuickCheck Tutorial: Generators},
  institution =  {stackbuilders.com},
  year = 	 2015,
  note = 	 {En \url{https://www.stackbuilders.com/es/news/a-quickcheck-tutorial-generators}}}


@TechReport{ClaeHughes2009,
  author = 	 {K. Claessen, J. Hughes},
  title = 	 {QuickCheck: A lightweight Tool for Random Testing of Haskell programs},
  institution =  {Chalmers University of Technology},
  year = 	 2009,
  note = 	 {En \url{http://www.eecs.northwestern.edu/~robby/courses/395-495-2009-fall/quick.pdf}}}

